@inproceedings{benaich2015exploring,
  title={Exploring traffic and congestion Policies},
  author={Benaich, Hugo and Pruyt, Erik},
  booktitle={33rd International Conference of the SD Society},
  year={2015}
}

@article{jin2022variable,
  title={Variable Cell Transmission Model for Mixed Traffic Flow with Connected Automated Vehicles and Human-Driven Vehicles},
  author={Jin, Yuting and Yao, Zhihong and Han, Jiazhe and Hu, Lu and Jiang, Yangsheng},
  journal={Journal of Advanced Transportation},
  volume={2022},
  year={2022},
  publisher={Hindawi}
}

@article{crainic2009models,
  title={Models for evaluating and planning city logistics systems},
  author={Crainic, Teodor Gabriel and Ricciardi, Nicoletta and Storchi, Giovanni},
  journal={Transportation science},
  volume={43},
  number={4},
  pages={432--454},
  year={2009},
  publisher={Informs}
}